@article{doncieux2004robur,
  title={The ROBUR project: towards an autonomous flapping-wing animat},
  author={Doncieux, S. and Mouret, J.B. and Muratet, L. and Meyer, J.A.},
  journal={Proceedings of the Journ{\'e}es MicroDrones},
  year={2004},
  publisher={Citeseer}
}

@article{mad09,
  title={{MAD Skills: New Analysis Practices for Big Data}},
  author={Cohen, Jeffrey and Dolan, Brian and Dunlap, Mark and Hellerstein, Joseph M and Welton, Caleb},
  journal={Proceedings of the VLDB Endowment},
  volume={2},
  number={2},
  pages={1481--1492},
  year={2009},
  publisher={VLDB Endowment}
}

@article{madlib12,
  title={{The MADlib analytics library: or MAD skills, the SQL}},
  author={Hellerstein, Joseph M and R{\'e}, Christoper and Schoppmann, Florian and Wang, Daisy Zhe and Fratkin, Eugene and Gorajek, Aleksander and Ng, Kee Siong and Welton, Caleb and Feng, Xixuan and Li, Kun and others},
  journal={Proceedings of the VLDB Endowment},
  volume={5},
  number={12},
  pages={1700--1711},
  year={2012},
  publisher={VLDB Endowment}
}
